@book{pankaj1994,
  author    = "Jalote Pankaj",
  title     = "Fault tolerance in distributed system",
  year      = "1994",
  publisher = "P T R Prentice Hall",
  address   = "Nova Jérsei, Estados Unidos"
}

@book{costa2009,
  author    = "Hebert Luiz Amaral Costa",
  title     = "Alta disponibilidade e balanceamento de carga para melhoria de sistemas computacionais críticos usando software livre: um estudo de caso",
  year      = "2009",
  publisher = "",
  address   = "Minas Gerais"
}

@book{goncalves2009,
  author    = "Eduardo Morici Gonçalves",
  title     = "Implementação de Alta disponibilidade em máquinas virtuais utilizando Software Livre",
  year      = "2009",
  publisher = "",
  address   = "Brasilia"
}

@book{reis2009,
  author    = "Wanderson Santiago dos Reis",
  title     = "Virtualização de serviços baseado em contêineres: uma proposta para alta disponibilidade de serviços em redes Linux de pequeno porte",
  year      = "2009",
  publisher = "",
  address   = "Minas Gerais"
}

@misc{matarazzo2011,
  author    = "Leonardo Matarazzo",
  title     = "Redundância e contingência gerando alta disponibilidade",
  year      = "2011",
  note      = "$<$Disponível em: \url{http://www.tiespecialistas.com.br/2011/01/redundancia-e-contingencia-gerando-alta-disponibilidade/}$>$. Acesso em 28 de fevereiro de 2016."
}
